%% This BibTeX bibliography file was created using BibDesk.
%% https://bibdesk.sourceforge.io/

%% Created for Oliver Probst at 2022-07-10 21:19:49 +0200 


%% Saved with string encoding Unicode (UTF-8) 



@online{def-informatik,
	date-added = {2019-07-26 15:51:46 +0200},
	date-modified = {2022-05-09 08:36:58 +0200},
	lastchecked = {09/05/2022},
	month = {01},
	url = {http://people.inf.ethz.ch/gander/talks/Hochstrasser.pdf},
	year = {2016},
	bdsk-url-1 = {http://people.inf.ethz.ch/gander/talks/Hochstrasser.pdf}}
